@misc{https://doi.org/10.48550/arxiv.2102.02622,
  doi = {10.48550/ARXIV.2102.02622},
  url = {https://arxiv.org/abs/2102.02622},
  author = {Freitag, Charlotte and Berners-Lee, Mike and Widdicks, Kelly and Knowles, Bran and Blair, Gordon and Friday, Adrian},
  keywords = {Physics and Society (physics.soc-ph), FOS: Physical sciences, FOS: Physical sciences},
  title = {The climate impact of ICT: A review of estimates, trends and regulations},
  publisher = {arXiv},
  year = {2021},
  copyright = {Creative Commons Attribution Non Commercial No Derivatives 4.0 International}
}

@article{cordella2021reducing,
  title={Reducing the carbon footprint of {ICT} products through material efficiency strategies: A life cycle analysis of smartphones},
  author={Cordella, Mauro and Alfieri, Felice and Sanfelix, Javier},
  journal={Journal of Industrial Ecology},
  volume={25},
  number={2},
  pages={448--464},
  year={2021},
  publisher={Wiley Online Library}
}

@ARTICLE{Han2013on,
  author={Han, Tao and Ansari, Nirwan},
  journal={IEEE Wireless Communications}, 
  title={On greening cellular networks via multicell cooperation}, 
  year={2013},
  volume={20},
  number={1},
  pages={82-89},
  doi={10.1109/MWC.2013.6472203}}
  
@ARTICLE{Han2014Powering,
  author={Han, Tao and Ansari, Nirwan},
  journal={IEEE Wireless Communications}, 
  title={Powering mobile networks with green energy}, 
  year={2014},
  volume={21},
  number={1},
  pages={90-96},
  doi={10.1109/MWC.2014.6757901}}
  
@ARTICLE{Kwasinski2015Increasing,
  author={Kwasinski, Andres and Kwasinski, Alexis},
  journal={IEEE Communications Magazine}, 
  title={Increasing sustainability and resiliency of cellular network infrastructure by harvesting renewable energy}, 
  year={2015},
  volume={53},
  number={4},
  pages={110-116},
  doi={10.1109/MCOM.2015.7081083}}
  
@article{perrons2021digital,
  title={How digital technologies can reduce greenhouse gas emissions in the energy sector's legacy assets},
  author={Perrons, Robert K},
  journal={The Extractive Industries and Society},
  volume={8},
  number={4},
  pages={101010},
  year={2021},
  publisher={Elsevier}
}

@article{van2012distributed,
  title={Distributed computing for carbon footprint reduction by exploiting low-footprint energy availability},
  author={Van Heddeghem, Ward and Vereecken, Willem and Colle, Didier and Pickavet, Mario and Demeester, Piet},
  journal={Future Generation Computer Systems},
  volume={28},
  number={2},
  pages={405--414},
  year={2012},
  publisher={Elsevier}
}

@inproceedings{do2015proximal,
  title={A proximal algorithm for joint resource allocation and minimizing carbon footprint in geo-distributed fog computing},
  author={Do, Cuong T and Tran, Nguyen H and Pham, Chuan and Alam, Md Golam Rabiul and Son, Jae Hyeok and Hong, Choong Seon},
  booktitle={2015 International Conference on Information Networking (ICOIN)},
  pages={324--329},
  year={2015},
  organization={IEEE}
}

@ARTICLE{Deng2019Parallel,
  author={Deng, Yiqin and Chen, Zhigang and Yao, Xin and Hassan, Shahzad and Ibrahim, Ali. M. A.},
  journal={IEEE Transactions on Vehicular Technology}, 
  title={Parallel Offloading in Green and Sustainable Mobile Edge Computing for Delay-Constrained IoT System}, 
  year={2019},
  volume={68},
  number={12},
  pages={12202-12214},
  doi={10.1109/TVT.2019.2944926}
}

@ARTICLE{Li2018Green,
  author={Li, Meng and Yu, F. Richard and Si, Pengbo and Zhang, Yanhua},
  journal={IEEE Communications Magazine}, 
  title={Green Machine-to-Machine Communications with Mobile Edge Computing and Wireless Network Virtualization}, 
  year={2018},
  volume={56},
  number={5},
  pages={148-154},
  doi={10.1109/MCOM.2018.1601005}
}

@ARTICLE{Cheng2020Distributed,
  author={Cheng, Yulun and Zhang, Jun and Yang, Longxiang and Zhu, Chenming and Zhu, Hongbo},
  journal={IEEE Transactions on Green Communications and Networking}, 
  title={Distributed Green Offloading and Power Optimization in Virtualized Small Cell Networks With Mobile Edge Computing}, 
  year={2020},
  volume={4},
  number={1},
  pages={69-82},
  doi={10.1109/TGCN.2019.2949339}}

@online{ElectricityMaps,
  title="Electricity Maps",
  url="https://app.electricitymaps.com/map",
}

@article{li2019renewable,
  title={Renewable energy prediction: A novel short-term prediction model of photovoltaic output power},
  author={Li, Ling-Ling and Wen, Shi-Yu and Tseng, Ming-Lang and Wang, Cheng-Shan},
  journal={Journal of Cleaner Production},
  volume={228},
  pages={359--375},
  year={2019},
  publisher={Elsevier}
}

@book{10.5555/137406,
author = {Ahuja, Ravindra K. and Magnanti, Thomas L. and Orlin, James B.},
title = {Network Flows: Theory, Algorithms, and Applications},
year = {1993},
isbn = {013617549X},
publisher = {Prentice-Hall, Inc.},
}

@article{malmodin2014life,
  title={Life cycle assessment of ICT: Carbon footprint and operational electricity use from the operator, national, and subscriber perspective in Sweden},
  author={Malmodin, Jens and Lund{\'e}n, Dag and Moberg, {\AA}sa and Andersson, Greger and Nilsson, Mikael},
  journal={Journal of Industrial Ecology},
  volume={18},
  number={6},
  pages={829--845},
  year={2014},
  publisher={Wiley Online Library}
}

@article{mao2017survey,
  title={A survey on mobile edge computing: The communication perspective},
  author={Mao, Yuyi and You, Changsheng and Zhang, Jun and Huang, Kaibin and Letaief, Khaled B},
  journal={IEEE communications surveys \& tutorials},
  volume={19},
  number={4},
  pages={2322--2358},
  year={2017},
  publisher={IEEE}
}

@article{aldossary2021towards,
  title={Towards a green approach for minimizing carbon emissions in fog-cloud architecture},
  author={Aldossary, Mohammad and Alharbi, Hatem A},
  journal={IEEE Access},
  volume={9},
  pages={131720--131732},
  year={2021},
  publisher={IEEE}
}

@article{ahvar2021deca,
  title={{DECA}: A dynamic energy cost and carbon emission-efficient application placement method for edge clouds},
  author={Ahvar, Ehsan and Ahvar, Shohreh and Mann, Zoltan Adam and Crespi, Noel and Glitho, Roch and Garcia-Alfaro, Joaquin},
  journal={IEEE Access},
  volume={9},
  pages={70192--70213},
  year={2021},
  publisher={IEEE}
}

@article{yang2022carbon,
  title={Carbon-Neutralized Task Scheduling for Green Computing Networks},
  author={Yang, Chien-Sheng and Huang-Fu, Chien-Chun and Fu, I and others},
  journal={arXiv preprint arXiv:2209.02198},
  year={2022}
}

@ARTICLE{Rad2022Carbon,
  author={Radovanovic, Ana and Koningstein, Ross and Schneider, Ian and Chen, Bokan and Duarte, Alexandre and Roy, Binz and Xiao, Diyue and Haridasan, Maya and Hung, Patrick and Care, Nick and Talukdar, Saurav and Mullen, Eric and Smith, Kendal and Cottman, Mariellen and Cirne, Walfredo},
  journal={IEEE Transactions on Power Systems}, 
  title={Carbon-Aware Computing for Datacenters}, 
  year={2022},
  volume={},
  number={},
  pages={1-1},
  doi={10.1109/TPWRS.2022.3173250}
}

@inproceedings{leithon2013online,
  title={Online energy management strategies for base stations powered by the smart grid},
  author={Leithon, Johann and Lim, Teng Joon and Sun, Sumei},
  booktitle={2013 IEEE International Conference on Smart Grid Communications (SmartGridComm)},
  pages={199--204},
  year={2013},
  organization={IEEE}
}

@article{leithon2019task,
  title={Task scheduling strategies for utility maximization in a renewable-powered IoT node},
  author={Leithon, Johann and Su{\'a}rez, Luis A and Anis, Muhammad Moiz and Jayakody, Dushantha Nalin K},
  journal={IEEE Transactions on Green Communications and Networking},
  volume={4},
  number={2},
  pages={542--555},
  year={2019},
  publisher={IEEE}
}

@article{tarjan1997dynamic,
  title={Dynamic trees as search trees via euler tours, applied to the network simplex algorithm},
  author={Tarjan, Robert E},
  journal={Mathematical Programming},
  volume={78},
  number={2},
  pages={169--177},
  year={1997},
  publisher={Springer}
}